% This file was created with JabRef 2.9.2.
% Encoding: Cp1252

@INPROCEEDINGS{Albers1999,
  author = {O Albers and A Broux},
  title = {Zukunftswerkstatt und Szenario-Technik. Ein Methodenbuch f\"ur Schule
	und Hochschule},
  year = {1999},
  publisher = {Beltz},
  __markedentry = {[mäuschen:6]},
  owner = {mäuschen},
  timestamp = {2013.03.29}
}

@INPROCEEDINGS{Bericht2007,
  author = {J Bofinger},
  title = {Medien in der Schule - Fehlanzeige? Ein Bericht von der didakta 2007
	in K\"oln und mehr},
  booktitle = {Zeitschrift f\"ur Medienp\"adagogik 2007/2},
  year = {2007},
  __markedentry = {[mäuschen:6]},
  owner = {mäuschen},
  timestamp = {2013.03.29}
}

@INPROCEEDINGS{Bofinger2004,
  author = {J Bofinger},
  title = {Neue Medien im Fachunterricht: eine empirische Studie \"Uberblick
	\"uber den Einsatz neuer Medien im Fachunterricht an verschiedenen
	Schularten in Bayern},
  year = {2004},
  publisher = {Donauw\"orth : Auer},
  __markedentry = {[mäuschen:6]},
  owner = {mäuschen},
  timestamp = {2013.03.29}
}

@ARTICLE{Hochschulrektorenkonferenz2006,
  author = {HRK Hochschulrektorenkonferenz},
  title = {Empfehlung zur Zukunft der Lehrerbildung in den Hochschulen.},
  year = {2006},
  __markedentry = {[mäuschen:6]},
  owner = {mäuschen},
  timestamp = {2013.03.29},
  url = {http://www.hrk.de/uploads/media/HRK_Beschluss_Lehrerbildung_2006.pdf}
}

@INPROCEEDINGS{Kosow2008,
  author = {H Kosow and R Ga{\ss}ner},
  title = {Methoden der Zukunfts- und Szenarioanalyse - \"Uberblick, Bewertung
	und Auswahlkriterien. Institut f\"ur Zukunftsstudien und Technologiebewertung},
  year = {2008},
  __markedentry = {[mäuschen:6]},
  location = {Berlin},
  owner = {mäuschen},
  timestamp = {2013.03.29}
}

@INPROCEEDINGS{Kreibich2006,
  author = {R Kreibich},
  title = {Zukunftsfragen und Zukunftswissenschaft. Institut f\"ur Zukunftsstudien
	und Technologiebewertung},
  year = {2006},
  __markedentry = {[mäuschen:6]},
  location = {Berlin},
  owner = {mäuschen},
  timestamp = {2013.03.29}
}

@INPROCEEDINGS{Karl1998,
  author = {Karl Lewin and Ulrich Heublein},
  title = {Berufliche Orientierung, Zurechtfinden im Studium und Computerkenntnisse
	von Studienanf\"angern},
  year = {1998},
  publisher = {Hannover. Verlag: HIS-Hochschul-Informations-System},
  __markedentry = {[mäuschen:6]},
  owner = {mäuschen},
  timestamp = {2013.03.29}
}

@INPROCEEDINGS{Middendorf2002,
  author = {E Middendorf},
  title = {Computernutzung und Neue Medien im Studium. Ergebnisse der 16. Sozialerhebung
	des Deutschen Studentenwerkes (DSW)},
  year = {2002},
  __markedentry = {[mäuschen:6]},
  location = {Bonn},
  owner = {mäuschen},
  timestamp = {2013.03.29}
}

@INPROCEEDINGS{Reibnitz1992,
  author = {U. von Reibnitz},
  title = {Szenario-Technik - Instrumente f\"ur die unternehmerische und pers\"onliche
	Erfolgsplanung},
  year = {1992},
  __markedentry = {[mäuschen:6]},
  owner = {mäuschen},
  timestamp = {2013.03.29}
}

@INPROCEEDINGS{Christine2002,
  author = {Christine Schaefers},
  title = {Forschung zur Lehrerausbildung in Deutschland: eine bilanzierende
	\"Ubersicht der neueren empirischen Studien Schweizerische Zeitschrift
	f\"ur Bildungswissenschaften 24},
  year = {2002},
  volume = {1},
  pages = {65--90},
  __markedentry = {[mäuschen:6]},
  owner = {mäuschen},
  timestamp = {2013.03.29}
}

@INPROCEEDINGS{Tulodziecki2004,
  author = {Gerhard Tulodziecki},
  title = {Digitale Medien als Mittel und Inhalt der Lehrerinnen- und Lehrerbildung:
	Medienp\"adagogische Grundlagen und Beispiele , Universit\"at Paderborn,
	Fakult\"at f\"ur Kulturwissenschaften Vortrag im Rahmen der Impulstagung
	an der PHZ Schwyz - ICT in der Lehrerinnen- und Lehrerbildung},
  booktitle = { },
  year = {2004},
  __markedentry = {[mäuschen:6]},
  owner = {mäuschen},
  timestamp = {2013.03.29}
}

@ARTICLE{BITKOM2010,
  title = {Studie Bildung 2.0 - Digitale Medien in Schulen},
  year = {2010},
  __markedentry = {[mäuschen:6]},
  owner = {mäuschen},
  publisher = {BITKOM -Bundesverband Informationswirtschaft, Telekommunikation und
	neue Medien e.V},
  timestamp = {2013.03.29},
  url = {http://www.bitkom.org/de/themen/54629_66034.aspx}
}

