@book{Quellenangaben,
	publisher = {{Weinheim: Beltz.}},
	author = {Luhmann, M. },
	title = {{R für Einsteiger: Einführung in die Statistiksoftware für die Sozialwissenschaften.}},
	year = {{2010}},
}

@book{Aichinger_2011,
	publisher = {{Wiesbaden: Verlag für Sozialwissenschaften}},
	author = {Aichinger, A. },
	title = {{Resilienzförderung mit Kindern. }},
	year = {{2011}},
}

@book{Fthenakis_1998,
	editor = {Fthenakis. W. E. & Textor, M. R. (Hrsg.) },
	publisher = {{Weinheim, Basel: Beltz.}},
	title = {{Qualität von Kinderbetreuung. Konzepte, Forschungsergebnisse, internationaler Vergleich. }},
	year = {{1998}},
}

@book{Unnamed,
	address = {{Zuletzt abgerufen am 13.03.2014 unter http://www.weiterbildungsinitiative.de/uploads/media/WiFF_Studie_6_Walter_Beher_Internet.pdf}},
	author = {Beher, K. & Walter, M.},
	title = {{Zehn Fragen – Zehn Antworten zur Fort- und Weiterbildungslandschaft für frühpädagogische Fachkräfte. Werkstattbericht aus einer bundesweiten Befragung von Weiterbildungsanbietern. }},
	year = {{2010}},
}

@book{Bensel_2013,
	editor = {W. Tietze, F. Becker-Stoll, J. Bensel, A. G. Eckhardt, G. Haug-Schnabel, B. Kalicki, B. et al. (Hrsg.)},
	publisher = {{Weimar, Berlin: verlag das netz.}},
	series = {{NUBBEK –Nationale Untersuchung zur Bildung, Betreuung und Erziehung in der frühen Kindheit (S.61-67).}},
	author = {Bensel, J., Aselmeier, M., Agache, A., Haug-Schnabel, G., Kalicki, B., Leyendecker, B. et al.   },
	title = {{Betreungsgeschichte und aktuelle Betreuungssituation. }},
	year = {{2013}},
}

@book{Unnamed-2,
	publisher = {{Stuttgart: Klett-Cotta.}},
	author = {Bronfenbrenner, U. },
	title = {{Die Ökologie der menschlichen Entwicklung. }},
	year = {{1981}},
}

@book{Unnamed-3,
	publisher = {{Hodder, Stoughton: London.}},
	author = {Bruce, T.},
	title = {{Early Childhood Education. }},
	year = {{1977}},
}

@book{Unnamed-4,
	editor = {Bühner, M.},
	publisher = {{München: Pearson Studium.}},
	title = {{ Einführung in Test- und Fragebogenkonstruktion. }},
	year = {{2006}},
}

@book{Eid_2013,
	publisher = {{Weinheim, Basel: Beltz.}},
	author = {Eid, M. Gollwitzer, M. & Schmitt, M. },
	title = {{Statistik und Forschungsmethoden. }},
	year = {{2013}},
}

@article{Unnamed-7,
	author = {Fröhlich-Gildhoff, K., Kraus, G. & Rönnau, M. },
	title = {{Gemeinsam auf dem Weg. Eltern und Erzieher/-innen gestalten Erziehungspartnerschaft. }},
	journal = {{Kindergarten heute}},
	number = {{10}},
	pages = {6-15},
	year = {{2006}},
}

@book{Wolf_2002,
	publisher = {{Aachen: Shaker.}},
	author = {Wolf, B. },
	title = {{Elternhaus und Kindergarten. Einschaetzungen aus zwei Perspektiven. }},
	year = {{2002}},
}

@misc{Viernickel_2013,
	howpublished = {{Zuletzt abgerufen am 22.07.2014 unter http://www.gew.de/Binaries/Binary96129/Expertise_Gute_Bildung_2013.pdf}},
	author = {Viernickel, S., Nentwig-Gesemann, I., Nicolai, K., Schwarz, S. & Zenker, L.},
	title = {{Schlüssel zu guter Bildung, Erziehung und Betreuung. Bildungsaufgaben, Zeitkontingente und strukturelle Rahmenbedingungen in Kindertageseinrichtungen. }},
	year = {{ 2013}},
}

@misc{Viernickel_2009,
	howpublished = {{Zuletzt abgerufen am 22.07.2014 unter http://www.gew.de/Binaries/Binary47887/expertise_gute_betreuung_web.pdf}},
	author = {Viernickel, S. & Schwarz, S. },
	title = {{Schlüssel zu guter Bildung, Erziehung und Betreuung –  Wissenschaftliche Parameter zur Bestimmung der  pädagogischen Fachkraft-Kind-Relation. }},
	year = {{2009}},
}

@book{NUBBEK,
	editor = {Tietze, W., Becker-Stoll, F., Bensel, J., Eckhardt, A. G., Haug-Schnabel, G. & Kalicki, B. et al. (Hrsg.).},
	publisher = {{Weimar, Berlin: verlag das netz.}},
	title = {{NUBBEK –Nationale Untersuchung zur Bildung, Betreuung und Erziehung in der frühen Kindheit.}},
	year = {{2013}},
}

@book{Tietze_2005,
	publisher = {{Weinheim und Basel: Beltz.}},
	author = {Tietze, W., Rossbach H.-G., & Grenner, K. },
	title = {{Kinder von 4 bis 8 Jahren. Zur Qualität der Erziehung und Bildung in Kindergarten, Grundschule und Familie. }},
	year = {{2005}},
}

@book{Thiersch_2006,
	editor = {In P. Bauer & E. J. Brunner (Hrsg.) },
	publisher = {{Freiburg: Lambertus.}},
	author = {Thiersch, R. },
	title = {{Familie und Kindertageseinrichtungen. Elternpädagogik – Von der Elternarbeit zur Erziehungspartnerschaft (S. 80-106)}},
	year = {{2006}},
}

@misc{Textor_2010,
	howpublished = {{Zuletzt abgerufen am 24.08.2014 unter http://www.kindergartenpaedagogik.de/2084.html}},
	author = {Textor, M. R. },
	title = {{Erziehungspartnerschaft mit Eltern unter Dreijähriger. }},
	year = {{2010}},
}

@misc{Textor_1992,
	howpublished = {{Zuletzt abgerufen am 04.08.2014 unter http://www.kindergartenpaedagogik.de/1327.pdf}},
	author = {Textor M. R. },
	title = {{ Familienunterstützende Maßnahmen im Kontext des Kindergartens. Bericht über einen Modellversuch in Passau. }},
	year = {{1992}},
}

@misc{Sylva_2004,
	howpublished = {{Zuletzt abgerufen am 28.07.2014 unter http://eprints.ioe.ac.uk/5309/1/sylva2004EPPEfinal.pdf}},
	author = {Sylva, K., Melhuish, E., Sammons, P., Siraj-Blatchford, I. & Taggart, B. },
	title = {{The Effective Provision of Pre-School Education (EPPE) project: Final Report. A Longitudinal Study funded by the DfES 1997-2004. }},
	year = {{2004}},
}

@article{Stöbe-Blossey_2008,
	author = {Stöbe-Blossey, S., Mierau, S. & Tietze, W. },
	title = {{Von der Kindertageseinrichtung zum Familienzentrum – Konzeption, Entwicklungen und Erprobung des Gütesiegels „Familienzentrum NRW“. }},
	journal = {{Zeitschrift für Erziehungswissenschaft}},
	number = {{Sonderheft 11}},
	pages = {105-122.},
	year = {{2008}},
}

@book{Stange_2012,
	editor = {In W. Stange, R. Krüger, A. Henschel & Ch.Schmitt (Hrsg.), Erziehungs- und Bildungspartnerschaften (S. 12-39). },
	publisher = {{Wiesbaden: Verlag für Sozialwissenschaften.}},
	author = {Stange, W. },
	title = {{Erziehungs- und Bildungspartnerschaften – Grundlagen, Strukturen, Begründungen . }},
	year = {{2012}},
}

@book{Dippelhofer_1995,
	publisher = {{Bielefeld: Kleine.}},
	author = {Dippelhofer-Stiem, B. and Kahle, I. },
	title = {{Die Erzieherin im evangelischen Kindergarten. Empirische Analysen zum professionellen Selbstbild des pädagogischen Personals, zur Sicht der Kirche und zu den Erwartungen der Eltern. }},
	year = {{1995}},
}

